@article{manne1960job,
  title={On the job-shop scheduling problem},
  author={Manne, Alan S},
  journal={Operations Research},
  volume={8},
  number={2},
  pages={219--223},
  year={1960},
  publisher={INFORMS}
}
@article{raack2013integer,
  title={Integer Programming and Sports Rankings},
  author={Raack, Christian and Raymond, Annie and Werner, Axel and Schlechte, Thomas},
  year={2013}
}

